@Article{velu71,
  author               = {V{\'{e}}lu, Jacques},
  title                = {Isog{\'{e}}nies entre courbes elliptiques},
  journal              = {Comptes Rendus de l'Acad\'{e}mie des Sciences de Paris},
  year                 = {1971},
  volume               = {273},
  pages                = {238--241},
  groups               = {Isogenies},
  keywords             = {elliptic\_curve, isogenies},
  posted-at            = {2010-06-14 19:38:59},
}

@misc{jubjub,
    author = {ZCash team},
    title = {Jubjub},
    year=2018,
    note = {\url{https://z.cash/technology/jubjub/}},
}

@misc{bls12381,
    author = {Sean Bowe},
    title = {BLS12-381: New zk-SNARK Elliptic Curve Construction},
    year=2017,
    note = {\url{https://electriccoin.co/blog/new-snark-curve/}},
}
